@book{kahn2007merck,
  title     = {The Merck/Merial Manual For Pet Health: The complete health resource for your dog, cat, horse or other pets-in everyday language},
  author    = {Kahn, Cynthia M and Line, Scott},
  year      = {2007},
  publisher = {Simon and Schuster}
}